@manual{NBR10582:1988,
address={Rio de Janeiro},
organization={Associa{\c c}\~ao Brasileira de Normas T\’ecnicas},
org-short={ABNT NBR 10582},
subtitle={Apresenta{\c c}\~ao da folha para desenho técnico},
title={{NBR} 10582},
year={1988}
}

@manual{NBR10068:1987,
address={Rio de Janeiro},
organization={Associa{\c c}\~ao Brasileira de Normas T\’ecnicas},
org-short={ABNT NBR 10068/87},
subtitle={Folha de desenho - leiaute e dimens\~oes},
title={{NBR} 10068},
year={1987}
}

@manual{NBR13142:1999,
address={Rio de Janeiro},
organization={Associa{\c c}\~ao Brasileira de Normas T\’ecnicas},
org-short={ABNT/NBR 13142},
subtitle={Dobramento e cópia},
title={{NBR} 13142},
year={1999}
}